@misc{Zephyr,
author = { Zephyr },
title = { Microkernel Synchronization Services },
year = {2016},
month = {oktober},
day = {31},
url = {https://www.zephyrproject.org/doc/kernel/microkernel/microkernel\_synchronization.html},
}

@misc{Mark3OS,
author = { Mark3OS },
title = { Mark3 Realtime Kernel Class list },
year = { 2016 },
month = { maart },
day = {11},
url = { http://mark3os.com/docs/html/annotated.html },
}

@misc{OSRTOS,
author = {OSRTOS},
title = {Open Source RTOS},
year = {2016},
month = {oktober},
day = {09},
url = {http://www.osrtos.com/}
}

@misc{WikipediaRTOS,
author = {EncMstr et al.},
title = {Comparison of real\-time operating systems},
year = {2016},
month = {oktober},
day = {23},
url = {https://en.wikipedia.org/wiki/Comparison\_of\_real\-time\_operating\_systems}
}

@misc{NuttX,
author = {patacongo},
title = {NuttX Real-Time Operating System},
year = {2016},
month = {juli},
day = {25},
url = {http://nuttx.org/}
}

@misc{NuttXUserManual,
author = {Gregory Nutt},
title = {NuttX Operating System User's Manual},
year = {2015},
month = {juli},
day = {24},
url = {http://nuttx.org/doku.php?id=documentation:userguide}
}

@misc{StratifyGithub,
author = {tyler-gilbert},
title = {StratifyLabs/StratifyOS: A Powerful embedded RTOS for the ARM Cortex M microcontrollers},
year = {2016},
month = {oktober},
day = {29},
url = {https://github.com/StratifyLabs/StratifyOS}
}

@misc{StratifyDocs,
author = {Stratify Labs, Inc},
title = {Stratify OS Docs},
year = {2016},
month = {10},
day = {30},
url = {https://stratifylabs.co/StratifyLib/html/}
}

@misc{RTEMS,
author = {RTEMS},
title = {RTEMS Real Time Operating System (RTOS) | Real-Time and Real Free RTOS},
year = {2016},
month = {juni},
url = {https://www.rtems.org/},
}

@misc{mbedOS,
author = {{ARM Ltd}},
title = {Home | mbed},
year = {2016},
url = { https://www.mbed.com/en/ },
}


@misc{RTEMSDOCS,
author = {{OAR Corporation}},
title = {RTEMS 4.9.6 On-Line Library},
year = {2008},
url = {https://docs.rtems.org/releases/rtemsdocs-4.9.6/share/rtems/html/},
}

@misc{mbedOSDOCS,
author = {ARM Ltd},
title = {RTOS - mbed OS API References},
version = {5.2},
year = {2016},
url = { https://docs.mbed.com/docs/mbed-os-api-reference/en/5.2/APIs/tasks/rtos/ },
}

@misc{free-rtos,
author = {free-rtos},
title = {Homepage free-rtos},
year = {2016},
url = { http://www.freertos.org/ }
}

@misc{Distortos,
author = {Distoros},
title = {API Distortos documentation},
year = {2016},
url = { http://distortos.org/api-reference/ }
}